%% ----------------------------------------------------------------
%% Brief.bib
%% ---------------------------------------------------------------- 

@misc{Kim201,
author = {Kim, Younghoon David and Meyers, Kevin and Statham, Brian and Frei, Christoph},
publisher = {World Energy Council},
title = {{Time to get real – the case for sustainable energy investment Officers of the World Energy Council}},
year = {2013}
}


@misc{NDA2007,
author = {Whan , D and Jackson , J and Thornton, N},
publisher = {Nuclear Decommissioning Authority},
title = {{Calder Hall Nuclear Power Station Feasibility Study}},
%url = {http://www.nda.gov.uk/documents/upload/NDA-Calder-Hall-Nuclear-Power-Station-Feasibility-Study-2007.pdf},
year = {2007}
}

@article{Guidolin20121746,
title = "A nuclear power renaissance? ",
journal = "Technological Forecasting and Social Change ",
volume = "79",
number = "9",
pages = "1746 - 1760",
year = "2012",
note = "",
issn = "0040-1625",
doi = "http://dx.doi.org/10.1016/j.techfore.2012.05.014",
%url = "http://www.sciencedirect.com/science/article/pii/S0040162512001448",
author = "Mariangela Guidolin and Renato Guseo",
keywords = "Innovation diffusion models",
keywords = "Uranium extraction",
keywords = "Nuclear power consumption",
keywords = "Reactors "
}

@article{goldberg2011nuclear,
  title={Nuclear Reactors: Generation to Generation},
  author={Goldberg, Stephen M and Rosner, Robert},
  journal={Bulletin of the American Academy of Arts and Sciences},
  pages={1},
  year={2011}
}

@misc{schneider2012nuclear,
  title={Nuclear Power in a Post-Fukushima World - 25 years after the {C}hernobyl accident.},
  author={Schneider, Mycle and Froggatt, Antony and Thomas, Steve},
  year={2012},
  publisher={Worldwatch Institute}
}

@misc{IAEAReactors2013,
author = {{IAEA}},
publisher = {International Atomic Energy Agency},
title = {{Nuclear Power Reactors in the World 2013 Edition - Reference Data Series No.2}},
%url = {http://www.nda.gov.uk/documents/upload/NDA-Calder-Hall-Nuclear-Power-Station-Feasibility-Study-2007.pdf},
year = {2013},
address = {Vienna}
}

@proceedings{GenIVForum,
author = {McFarlane, Harold and Sagayama, Yutaka and Leahy, Timothy and others},
publisher = {Gen IV International Forum},
title = {{GIF Symposium Proceedings 2012 Annual Report}},
%url = {http://www.nda.gov.uk/documents/upload/NDA-Calder-Hall-Nuclear-Power-Station-Feasibility-Study-2007.pdf},
year = {2002}
}

@misc{GenIVRoadmap,
author = {{US Department of Energy Research Advisory Committee and the Generation IV International Forum}},
publisher = {Gen IV International Forum},
title = {{A Technology Roadmap for Generation IV Nuclear Energy Systems - Ten Nations Preparing Today for Tomorrow's Energy Needs}},
%url = {http://www.nda.gov.uk/documents/upload/NDA-Calder-Hall-Nuclear-Power-Station-Feasibility-Study-2007.pdf},
year = {2012}
}

@electronic{Enerdata,
  author        = "Enerdata",
  title         = "World Energy Statistics - Yearbook 2013: Global Energy Market Review",
  url           = "http://yearbook.enerdata.net/",
  year          = "2013"
}

@article{Locatelli2013,
author = {Locatelli, Giorgio and Mancini, Mauro and Todeschini, Nicola},
doi = {10.1016/j.enpol.2013.06.101},
file = {:D$\backslash$:/Documents/Semester 8/COMP6033 Independent Research Review/Research/Generation IV nuclear reactors Current status and future prospects.pdf:pdf},
issn = {03014215},
journal = {Energy Policy},
keywords = {Base load power plants,Economics,Generation IV nuclear power plants,generation iv nuclear power,plants},
month = oct,
pages = {1503--1520},
publisher = {Elsevier},
title = {{Generation IV nuclear reactors: Current status and future prospects}},
%url = {http://linkinghub.elsevier.com/retrieve/pii/S0301421513006083},
volume = {61},
year = {2013}
}

@article{Bhatnagar2011,
author = {Bhatnagar, V. and Deffrennes, M. and Hugon, M. and Manolatos, P. and Ptackova, K. and {Van Goethem}, G. and Webster, S.},
doi = {10.1016/j.nucengdes.2011.04.018},
file = {:D$\backslash$:/Documents/Semester 8/COMP6033 Independent Research Review/Research/FISA-2009 Conference on Euratom Research and Training Activities.pdf:pdf},
issn = {00295493},
journal = {Nuclear Engineering and Design},
month = sep,
number = {9},
pages = {3376--3388},
publisher = {Elsevier B.V.},
title = {{FISA-2009 Conference on Euratom Research and Training Activities: Nuclear Fission – Past, Present and Future (Generation-II, -III and -IV+Partitioning and Transmutation)}},
%url = {http://linkinghub.elsevier.com/retrieve/pii/S0029549311003219},
volume = {241},
year = {2011}
}

@article{Marques2010a,
author = {Marques, J.G.},
doi = {10.1016/j.enconman.2009.12.043},
file = {:D$\backslash$:/Documents/Semester 8/COMP6033 Independent Research Review/Research/Evolution of nuclear fission reactors gen three and beyond.pdf:pdf},
issn = {01968904},
journal = {Energy Conversion and Management},
month = sep,
number = {9},
pages = {1774--1780},
publisher = {Elsevier Ltd},
title = {{Evolution of nuclear fission reactors: Third generation and beyond}},
%url = {http://linkinghub.elsevier.com/retrieve/pii/S0196890410000531},
volume = {51},
year = {2010}
}

@misc{Int2012,
address = {Vienna},
author = {{International Atomic Energy Agency}},
publisher = {IAEA},
isbn = {9789201306104},
title = {{Status of Fast Reactor Research and Technology Development - IAEA-TECDOC-1961}},
year = {2012}
}

@article{Sakamoto2013194,
title = "Selection of sodium coolant for fast reactors in the US, France and Japan ",
journal = "Nuclear Engineering and Design ",
volume = "254",
number = "0",
pages = "194 - 217",
year = "2013",
note = "",
issn = "0029-5493",
%doi = "http://dx.doi.org/10.1016/j.nucengdes.2012.09.009",
%url = "http://www.sciencedirect.com/science/article/pii/S0029549312004906",
author = "Yoshihiko Sakamoto and Jean-Claude Garnier and Jacques Rouault and Christopher Grandy and Thomas Fanning and Robert Hill and Yoshitaka Chikazawa and Shoji Kotake"
}

